
@MISC{shootout:2014,
	 AUTHOR = "Brent Fulgham and Isaac Gouy",
         NOTE = {The Compter Language Benchmarks Game, Retrieved April
                  14, 2014 from
                  \url{http://benchmarksgame.alioth.debian.org/}}}

@ARTICLE{griswold:newsletter,
	AUTHOR = "Ralph Griswold",
	TITLE = "Icon Benchmarks",
	JOURNAL = {The Icon Newsletter},
	NUMBER = {31},
	PAGES = {6-8},
	MONTH = "September",
	YEAR = {1989},
        NOTE = {University of Arizona}}

@MISC{jeffery:sesrit,
     AUTHOR = {Clinton Jeffery and David Rice},
     TITLE = {sesrit.icn}, 
     MONTH = {January},
     YEAR = {1999},
     NOTE = {Retrieved April 14, 2014 from \url{http://www2.cs.uidaho.edu/~jeffery/courses/game/sesrit.icn}}}

