@Book{Griswold:1997:IPL,
  author =       "Ralph E. Griswold and Madge T. Griswold",
  title =        "The {Icon} programming language",
  publisher =    "Peer-to-Peer Communications",
  address =      "San Jose, CA, USA",
  edition =      "Third",
  pages =        "xx + 386",
  year =         "1997",
  ISBN =         "1-57398-001-3",
  LCCN =         "QA76.73.I19G74 1997",
  bibdate =      "Mon Jan 12 11:53:38 1998",
  price =        "US\$34.95",
  URL =          "http://www.cs.arizona.edu/icon/lb3.htm",
  acknowledgement = ack-nhfb,
}

@Book{1971:book:griswold,
  author =       "R. E. Griswold and J. F. Poage and I. P. Polonsky",
  title =        "The {SNOBOL4} Programming Language",
  publisher =    "Prentice-Hall",
  publaddr =     "Englewood Cliffs , NJ , USA",
  year =         "1971",
  edition =      "Second",
  referencedby = "\cite{1975:ncse:rochkind}",
  annote =       "incomplete",
}

@Article{budne,
  author =   {Philip Budne},
  title =    { CSNOBOL4 release 1.0},
  journal =  {http://www.snobol4.org/csnobol4/},
  year =     {2004},
}


@Article{walker_rtl,
  author =   { Kenneth Walker},
  title =    {The Run-Time Implementation Language for Icon}, 
  journal =  {http://
		www.cs.arizona.edu/icon/ftp/doc/ipd261.pdf},
  year =   {1994},
}


@Book{ref-3,
  author =    {Ralph E. Griswold, Gregg M. Townsend, Clinton L. Jeffery },
  title =     {Graphics Programming in Icon},
  publisher = {peer-to-peer communication Inc.},
  year =      {1998},
}

@Book{UniconBook,
  author =    {Parlett, Pereda,  Jeffery, Mohamed },
  title =     { Programming with Unicon },
  year =      {September first,2004},
}



@Article{ref-6,
  author =   {Ralph E. Griswold},
  title =    {Supplementary Information for the Implementation of Version 9 of Icon},
  journal =  {http://www.cs.arizona.edu/icon/docs/ipd239.htm},
  year =     {April 7, 1996},
  volume =   {},
}

@Article{ref-7,
  author =   {The official website for Unicon programming language},
  title =    {},
  journal =  {http://unicon.org},
  year =     {},
  volume =   {},
}


@Article{ref-9,
  author =   { The Icon Programming Language},
  title =    {},
  journal =  {http://www.cs.arizona.edu/icon/index.htm},
  year =     {},
  volume =   {},
}



@Article{ref-11,
  author =   { Gregg M. Townsend, Ralph E. Griswold },
  title =    {Calling {C} Functions from Version 9 of Icon},
  journal =  {http://www.cs.arizona.edu/icon/docs/ipd240.htm},
  year =     {march 1996},
  volume =   {},
}

@Article{Dewar_spipat,
  author =   {Robert B.K. Dewar},
  title =    {GNAT SPITBOL PATTERNS},
  journal =  {http://www2.adacore.com/gap-static/GNAT\_Book/html/rts/g-spipat\_\_adb.htm},
  year =     {2002},
  volume =   {},
}

@article{aho_nestedstack,
 author = {Alfred V. Aho},
 title = {Nested Stack Automata},
 journal = {J. ACM},
 volume = {16},
 number = {3},
 year = {1969},
 issn = {0004-5411},
 pages = {383--406},
 doi = {http://doi.acm.org/10.1145/321526.321529},
 publisher = {ACM Press},
 address = {New York, NY, USA},
 }

@article{Gimpel,
  author =       "James F. Gimpel",
  title =        "A Theory of Discrete Patterns and Their Implementation
                 in {SNOBOL4}",
  journal =      "Communications of the ACM",
  volume =       "16",
  number =       "2",
  pages =        "91--100",
  month =        feb,
  year =         "1973",
  CODEN =        "CACMA2",
  ISSN =         "0001-0782",
  MRclass =      "68A15 (68A45)",
  MRnumber =     "52 7198",
  mrreviewer =   "John K. Debenham",
  bibdate =      "Mon Jan 22 06:44:26 MST 2001",
  abstract =     "The notion of a discrete pattern is formalized and
                 certain properties deduced. A pattern is shown to be a
                 generalization of a formal language. Algorithms for
                 implementing the kinds of patterns in SNOBOL4 are
                 given. The general approach is to create, in-so-far as
                 possible, a bottom-up parse from a top-down
                 specification.",
  acknowledgement = ack-nhfb,
  classcodes =   "C4210 (Formal logic); C6140 (Programming languages)",
  classification = "723",
  corpsource =   "Bell Telephone Labs., Holmdel, NJ, USA",
  journalabr =   "Commun ACM",
  keywords =     "computer programming languages; data processing ---
                 Data Structures; discrete patterns; formal language;
                 formal languages; parsing; pattern implementation;
                 pattern matching; pattern recognition systems; pattern
                 theory; patterns; programming languages; SNOBOL4;
                 string processing",
  oldlabel =     "Gimpel73",
  treatment =    "T Theoretical or Mathematical",
  xmldata =      "ftp://ftp.informatik.uni-trier.de/pub/users/Ley/bib/records.tar.gz#journals/cacm/Gimpel73",
}

@Article{Dewar_McCann,
  author =       "R. B. K. Dewar and A. P. McCann",
  title =	"{MACRO} {SPITBOL} -- {A} {SNOBOL4} Compiler",
  journal =      "Software -- Practice and Experience",
  volume =       "7",
  number =       "1",
  pages =	"95--113",
  year =	 "1977",
  month =	jan # "\&" # feb,
  reffrom =      "Lang:Dupont:iait:1987",
  reffrom =      "Davidson:Gresch:iait:1987",
}

@Book{Dive_into_python,
  author =    {Mark Pilgrim},
  title =     {Dive Into Python},
  publisher = {Apress},
  year =      {New Jersey,July 2004},
}

@Book{String_List_Snobol4,
  author =       "R. E. Griswold",
  title =        "String and List Processing in Snobol 4",
  publisher =    "Prentice Hall",
  address =      "Englewood Cliffs",
  year =         "1975",
  ISBN =         "0-13-853010-6",
}


